<?xml version="1.0" encoding="UTF-8"?><record xmlns="http://www.loc.gov/MARC21/slim" xmlns:cinclude="http://apache.org/cocoon/include/1.0" xmlns:zs="http://www.loc.gov/zing/srw/">
  <leader>01268cz  a2200229n  4500</leader>
  <controlfield tag="001">n  78072452 </controlfield>
  <controlfield tag="003">DLC</controlfield>
  <controlfield tag="005">20151212074027.0</controlfield>
  <controlfield tag="008">781004n| azannaabn          |a aaa      </controlfield>
  <datafield tag="010" ind1=" " ind2=" ">
    <subfield code="a">n  78072452 </subfield>
  </datafield>
  <datafield tag="035" ind1=" " ind2=" ">
    <subfield code="a">(OCoLC)oca00207891</subfield>
  </datafield>
  <datafield tag="040" ind1=" " ind2=" ">
    <subfield code="a">DLC</subfield>
    <subfield code="b">eng</subfield>
    <subfield code="e">rda</subfield>
    <subfield code="c">DLC</subfield>
    <subfield code="d">DLC</subfield>
    <subfield code="d">IEN-Mu</subfield>
  </datafield>
  <datafield tag="046" ind1=" " ind2=" ">
    <subfield code="f">1937</subfield>
    <subfield code="2">edtf</subfield>
  </datafield>
  <datafield tag="100" ind1="1" ind2=" ">
    <subfield code="a">Osborne, William,</subfield>
    <subfield code="d">1937-</subfield>
  </datafield>
  <datafield tag="372" ind1=" " ind2=" ">
    <subfield code="a">Music</subfield>
    <subfield code="2">lcsh</subfield>
  </datafield>
  <datafield tag="374" ind1=" " ind2=" ">
    <subfield code="a">Organists</subfield>
    <subfield code="a">College teachers</subfield>
    <subfield code="a">Editors</subfield>
    <subfield code="2">lcsh</subfield>
  </datafield>
  <datafield tag="375" ind1=" " ind2=" ">
    <subfield code="a">male</subfield>
  </datafield>
  <datafield tag="400" ind1="1" ind2=" ">
    <subfield code="w">nnaa</subfield>
    <subfield code="a">Osborne, William,</subfield>
    <subfield code="c">organist</subfield>
  </datafield>
  <datafield tag="670" ind1=" " ind2=" ">
    <subfield code="a">Foote, A. W. Suite in D [SR] 1978 (a.e.)</subfield>
    <subfield code="b">labels (William Osborne) cont. (organist)</subfield>
  </datafield>
  <datafield tag="670" ind1=" " ind2=" ">
    <subfield code="a">Phone call to W. Osborne, 3/28/83</subfield>
    <subfield code="b">(William Osborne; b. 1937; teaches at Denison University, Granville, Ohio)</subfield>
  </datafield>
  <datafield tag="670" ind1=" " ind2=" ">
    <subfield code="a">Shield, William. The poor soldier, 1978:</subfield>
    <subfield code="b">title page (William Osborne) page xii (William Brasmer and William Osborne, Denison University)</subfield>
  </datafield>
  <datafield tag="675" ind1=" " ind2=" ">
    <subfield code="a">Baker, 5th ed.;</subfield>
    <subfield code="a">Intl. WW mus., 8th ed;</subfield>
    <subfield code="a">Grove, 5th ed.;</subfield>
    <subfield code="a">Pavlakis. Amer. mus. hdbk.;</subfield>
    <subfield code="a">Dir. of faculties of colleges and univ. in U.S. and Canada;</subfield>
    <subfield code="a">Int. WW in music, 9th ed.;</subfield>
    <subfield code="a">Ww in Amer. mus., classical, 2nd ed.;</subfield>
    <subfield code="a">ASCAP, 4th ed.;</subfield>
    <subfield code="a">Internet, Mar. 8, 2005, URL: http://www.denison.edu/publicaffairs/pressreleases/osborne03.html (only score cited is an ed. of Charles Ives' organ works)</subfield>
  </datafield>
</record>